<record><leader>00000cas a22000007a 4500</leader><controlfield tag="001">17690660</controlfield><controlfield tag="008">880328d1883188uiaucr ne      0    0eng d</controlfield><datafield ind1=" " ind2=" " tag="010"><subfield code="a">sn 88059419 </subfield></datafield><datafield ind1=" " ind2=" " tag="040"><subfield code="a">INP</subfield><subfield code="b">eng</subfield><subfield code="c">INP</subfield><subfield code="d">OCLCQ</subfield></datafield><datafield ind1=" " ind2=" " tag="042"><subfield code="a">msc</subfield></datafield><datafield ind1="0" ind2="0" tag="245"><subfield code="a">Sidney semi-weekly union.</subfield></datafield><datafield ind1="1" ind2="3" tag="246"><subfield code="a">Sidney union</subfield></datafield><datafield ind1=" " ind2=" " tag="260"><subfield code="a">Sidney, Fremont County, Iowa :</subfield><subfield code="b">R. Simons</subfield></datafield><datafield ind1=" " ind2=" " tag="300"><subfield code="a">v.</subfield></datafield><datafield ind1=" " ind2=" " tag="310"><subfield code="a">Semiweekly</subfield></datafield><datafield ind1="1" ind2=" " tag="362"><subfield code="a">Began in 1883.</subfield></datafield><datafield ind1=" " ind2=" " tag="588"><subfield code="a">Description based on: Vol. 19, no. 31 (June 9, 1883).</subfield></datafield><datafield ind1=" " ind2=" " tag="752"><subfield code="a">United States</subfield><subfield code="b">Iowa</subfield><subfield code="c">Fremont</subfield><subfield code="d">Sidney.</subfield></datafield><datafield ind1="0" ind2="0" tag="780"><subfield code="t">Sidney union (Sidney, Iowa : 1882)</subfield><subfield code="w">(DLC)sn 88059418</subfield></datafield><datafield ind1="0" ind2="0" tag="785"><subfield code="t">Sidney union (Sidney, Iowa : 1886)</subfield><subfield code="w">(DLC)sn 88059420</subfield></datafield></record>